<record><leader>00000cas a22000007a 4500</leader><controlfield tag="001">15153468</controlfield><controlfield tag="008">870205d190u1946msuwr ne      0    0eng d</controlfield><datafield ind1=" " ind2=" " tag="010"><subfield code="a">sn 87065114 </subfield></datafield><datafield ind1=" " ind2=" " tag="040"><subfield code="a">MJA</subfield><subfield code="b">eng</subfield><subfield code="c">MJA</subfield><subfield code="d">MSJ</subfield><subfield code="d">OCLCQ</subfield></datafield><datafield ind1=" " ind2=" " tag="042"><subfield code="a">msc</subfield></datafield><datafield ind1="0" ind2="4" tag="245"><subfield code="a">The Gloster record.</subfield></datafield><datafield ind1=" " ind2=" " tag="260"><subfield code="a">Gloster, Amite, Miss. :</subfield><subfield code="b">W.D. Caulfield,</subfield><subfield code="c">-1946.</subfield></datafield><datafield ind1=" " ind2=" " tag="300"><subfield code="a">v.</subfield></datafield><datafield ind1=" " ind2=" " tag="310"><subfield code="a">Weekly</subfield></datafield><datafield ind1="0" ind2=" " tag="362"><subfield code="a">-v. 58, no. 15 (May 31, 1946).</subfield></datafield><datafield ind1=" " ind2=" " tag="588"><subfield code="a">Description based on: Vol. 16, no. 30 (Aug. 14, 1903).</subfield></datafield><datafield ind1=" " ind2=" " tag="752"><subfield code="a">United States</subfield><subfield code="b">Mississippi</subfield><subfield code="c">Amite</subfield><subfield code="d">Gloster.</subfield></datafield><datafield ind1="0" ind2="0" tag="780"><subfield code="t">Valley record (Gloster, Miss.)</subfield><subfield code="w">(OCoLC)15153376</subfield></datafield><datafield ind1="0" ind2="0" tag="785"><subfield code="t">Wilk-Amite record</subfield><subfield code="w">(OCoLC)15153599</subfield></datafield></record>